<?xml version="1.0" encoding="UTF-8"?><record xmlns="http://www.loc.gov/MARC21/slim" xmlns:cinclude="http://apache.org/cocoon/include/1.0" xmlns:zs="http://www.loc.gov/zing/srw/">
  <leader>00632cz  a2200169n  4500</leader>
  <controlfield tag="001">n  95031018 </controlfield>
  <controlfield tag="003">DLC</controlfield>
  <controlfield tag="005">20000823085135.0</controlfield>
  <controlfield tag="008">950330n| acannaabn          |a aaa      </controlfield>
  <datafield tag="010" ind1=" " ind2=" ">
    <subfield code="a">n  95031018 </subfield>
    <subfield code="z">no 98012133 </subfield>
    <subfield code="z">no 00052514 </subfield>
  </datafield>
  <datafield tag="035" ind1=" " ind2=" ">
    <subfield code="a">(OCoLC)oca03805753</subfield>
  </datafield>
  <datafield tag="040" ind1=" " ind2=" ">
    <subfield code="a">DLC</subfield>
    <subfield code="c">DLC</subfield>
    <subfield code="d">OOC</subfield>
    <subfield code="d">DLC</subfield>
  </datafield>
  <datafield tag="100" ind1="0" ind2=" ">
    <subfield code="a">Snakefinger</subfield>
  </datafield>
  <datafield tag="400" ind1="1" ind2=" ">
    <subfield code="a">Lithman, Phil</subfield>
  </datafield>
  <datafield tag="670" ind1=" " ind2=" ">
    <subfield code="a">Manual of errors, p1982:</subfield>
    <subfield code="b">label (Snakefinger)</subfield>
  </datafield>
  <datafield tag="670" ind1=" " ind2=" ">
    <subfield code="a">Residents (Musical group). Fingerprince [SR] p1997:</subfield>
    <subfield code="b">container (Snakefinger, guitar, vocals)</subfield>
  </datafield>
  <datafield tag="670" ind1=" " ind2=" ">
    <subfield code="a">Encyc. of popular mus., 3rd ed.</subfield>
    <subfield code="b">(Snakefinger; appellation adopted by British guitarist Phil Lithman; d. 1988)</subfield>
  </datafield>
</record>